@article{kant,
year={1996},
issn={0178-4617},
journal={Algorithmica},
volume={16},
number={1},
doi={10.1007/BF02086606},
title={Drawing planar graphs using the canonical ordering},
url={http://dx.doi.org/10.1007/BF02086606},
publisher={Springer-Verlag},
keywords={Graph drawing; Canonical ordering; Linear time; Convex; Orthogonal; Visibility representation},
author={Kant, G.},
pages={4-32},
language={English}
}
@book{mond,
  title={Combinatorial Ordering and the Geometric Embedding of Graphs},
  author={Mondshein, L.F. and MASSACHUSETTS INST OF TECH LEXINGTON LINCOLN LAB.},
  url={http://books.google.ca/books?id=OzxBHQAACAAJ},
  year={1971},
  publisher={Defense Technical Information Center}
}
@article{cheriyan,
title = "Finding nonseparating induced cycles and independent spanning trees in 3-connected graphs ",
journal = "Journal of Algorithms ",
volume = "9",
number = "4",
pages = "507 - 537",
year = "1988",
note = "",
issn = "0196-6774",
doi = "http://dx.doi.org/10.1016/0196-6774(88)90015-6",
url = "http://www.sciencedirect.com/science/article/pii/0196677488900156",
author = "J Cheriyan and S.N Maheshwari"
}
@article{tutte1963draw,
  title={How to Draw a Graph},
  author={Tutte, WT},
  journal={Proceedings of the London Mathematical Society},
  volume={3},
  number={1},
  pages={743--767},
  year={1963},
  publisher={Oxford University Press}
}
@article{Schmidt13a,
  author    = {Jens M. Schmidt},
  title     = {The Mondshein Sequence},
  journal   = {CoRR},
  volume    = {abs/1311.0750},
  year      = {2013},
  ee        = {http://arxiv.org/abs/1311.0750},
  bibsource = {DBLP, http://dblp.uni-trier.de}
}
@article{Battista,
year={1999},
issn={0178-4617},
journal={Algorithmica},
volume={23},
number={4},
doi={10.1007/PL00009264},
title={Output-Sensitive Reporting of Disjoint Paths},
url={http://dx.doi.org/10.1007/PL00009264},
publisher={Springer-Verlag},
keywords={Key words. Connectivity, Triconnected graph, Biconnected graph, Disjoint paths, Coloring, Graph drawing.},
author={Di Battista, G. and Tamassia, R. and Vismara, L.},
pages={302-340},
language={English}
}
@incollection{bg,
year={1969},
isbn={978-3-540-04629-5},
booktitle={The Many Facets of Graph Theory},
volume={110},
series={Lecture Notes in Mathematics},
editor={Chartrand, G. and Kapoor, S.F.},
doi={10.1007/BFb0060102},
title={On Steinitz's theorem concerning convex 3-polytopes and on some properties of planar graphs},
url={http://dx.doi.org/10.1007/BFb0060102},
publisher={Springer Berlin Heidelberg},
author={Barnette, DavidW.},
pages={27-40}
}
@incollection{tutteConnectivity,
year={1966},
booktitle={Mathematical Expositions},
volume={15},
title={Connectivity in graphs},
publisher={University of Toronto Press},
author={Tutte, WT}
}
@article{bgLinear,
  author    = {Jens M. Schmidt},
  title     = {Contractions, Removals, and Certifying 3-Connectivity in
               Linear Time},
  journal   = {SIAM J. Comput.},
  volume    = {42},
  number    = {2},
  year      = {2013},
  pages     = {494-535},
  ee        = {http://dx.doi.org/10.1137/110848311},
  bibsource = {DBLP, http://dblp.uni-trier.de}
}
